{"eth_usdt":[{"type":"bid","price":1771.95614868,"amount":0.00754447,"tid":200186089,"timestamp":1679566212},{"type":"bid","price":1771.95614868,"amount":0.07710773,"tid":200186088,"timestamp":1679566212},{"type":"bid","price":1763.11655263,"amount":0.0004102,"tid":200186087,"timestamp":1679561720},{"type":"ask","price":1712.14481659,"amount":0.00012679,"tid":200186086,"timestamp":1679549733},{"type":"ask","price":1712.14481659,"amount":0.00012679,"tid":200186085,"timestamp":1679549727},{"type":"ask","price":1712.14481659,"amount":0.00012679,"tid":200186084,"timestamp":1679549722},{"type":"ask","price":1710,"amount":0.00012438,"tid":200186083,"timestamp":1679549715},{"type":"ask","price":1730,"amount":0.00000241,"tid":200186082,"timestamp":1679549715},{"type":"ask","price":1730,"amount":0.00012679,"tid":200186081,"timestamp":1679549710},{"type":"ask","price":1730,"amount":0.00012679,"tid":200186080,"timestamp":1679549706},{"type":"ask","price":1730,"amount":0.00012679,"tid":200186079,"timestamp":1679549701},{"type":"ask","price":1730,"amount":0.00012679,"tid":200186078,"timestamp":1679549696},{"type":"ask","price":1730,"amount":0.00012679,"tid":200186077,"timestamp":1679549691},{"type":"ask","price":1730,"amount":0.00011929,"tid":200186076,"timestamp":1679549651},{"type":"ask","price":1730,"amount":0.00011929,"tid":200186075,"timestamp":1679549647},{"type":"ask","price":1730,"amount":0.00011929,"tid":200186074,"timestamp":1679549642},{"type":"bid","price":1749.46354875,"amount":0.00087696,"tid":200186073,"timestamp":1679542739},{"type":"ask","price":1739,"amount":0.00000054,"tid":200186072,"timestamp":1679531183},{"type":"ask","price":1739,"amount":0.00014432,"tid":200186071,"timestamp":1679531180},{"type":"bid","price":1740.05054549,"amount":0.03138186,"tid":200186070,"timestamp":1679522632},{"type":"ask","price":1739,"amount":0.00017708,"tid":200186069,"timestamp":1679522366},{"type":"ask","price":1739,"amount":0.00010835,"tid":200186068,"timestamp":1679521603},{"type":"bid","price":1738.75125815,"amount":0.02880945,"tid":200186067,"timestamp":1679519136},{"type":"bid","price":1719.74138262,"amount":0.03,"tid":200186066,"timestamp":1679516370},{"type":"bid","price":1729.48276525,"amount":0.00102454,"tid":200186065,"timestamp":1679515961},{"type":"bid","price":1720,"amount":0.04339217,"tid":200186064,"timestamp":1679515762},{"type":"ask","price":1720,"amount":0.00021248,"tid":200186063,"timestamp":1679515543},{"type":"bid","price":1728.88601487,"amount":0.00017617,"tid":200186062,"timestamp":1679515307},{"type":"bid","price":1729.63251476,"amount":0.00038659,"tid":200186061,"timestamp":1679515176},{"type":"ask","price":1730,"amount":0.1,"tid":200186060,"timestamp":1679514350},{"type":"ask","price":1730,"amount":0.00021229,"tid":200186059,"timestamp":1679514350},{"type":"ask","price":1732.63017869,"amount":0.09279019,"tid":200186058,"timestamp":1679514304},{"type":"ask","price":1740,"amount":0.1034935,"tid":200186057,"timestamp":1679512323},{"type":"ask","price":1740,"amount":0.00021876,"tid":200186056,"timestamp":1679512323},{"type":"ask","price":1750,"amount":0.00021864,"tid":200186055,"timestamp":1679512323},{"type":"bid","price":1758.49298253,"amount":0.00013053,"tid":200186054,"timestamp":1679512250},{"type":"ask","price":1760,"amount":0.00021851,"tid":200186053,"timestamp":1679512121},{"type":"ask","price":1766.34515395,"amount":0.00010934,"tid":200186052,"timestamp":1679511903},{"type":"bid","price":1776.66878211,"amount":0.06400349,"tid":200186051,"timestamp":1679510757},{"type":"ask","price":1766.34515395,"amount":0.00006013,"tid":200186050,"timestamp":1679510179},{"type":"ask","price":1766.34515395,"amount":0.00014579,"tid":200186049,"timestamp":1679510179},{"type":"ask","price":1770,"amount":0.00021208,"tid":200186048,"timestamp":1679510179},{"type":"bid","price":1785.49984913,"amount":0.00304852,"tid":200186047,"timestamp":1679508379},{"type":"bid","price":1785.49984913,"amount":0.00486005,"tid":200186046,"timestamp":1679508051},{"type":"bid","price":1785.49984913,"amount":0.00486005,"tid":200186045,"timestamp":1679508033},{"type":"bid","price":1785.49984913,"amount":0.00125753,"tid":200186044,"timestamp":1679508032},{"type":"bid","price":1785.49984913,"amount":0.01597385,"tid":200186043,"timestamp":1679508024},{"type":"bid","price":1814.37846619,"amount":0.00030968,"tid":200186042,"timestamp":1679504725},{"type":"ask","price":1771.30753383,"amount":0.00065978,"tid":200186041,"timestamp":1679492193},{"type":"ask","price":1772.69792267,"amount":0.00010448,"tid":200186040,"timestamp":1679490794},{"type":"ask","price":1772.69792267,"amount":0.00010448,"tid":200186039,"timestamp":1679490788},{"type":"ask","price":1772.69792267,"amount":0.00010448,"tid":200186038,"timestamp":1679490783},{"type":"bid","price":1774.68575727,"amount":0.02307005,"tid":200186037,"timestamp":1679482416},{"type":"bid","price":1774.68575727,"amount":0.0001234,"tid":200186036,"timestamp":1679482411},{"type":"bid","price":1774.68575727,"amount":0.00155891,"tid":200186035,"timestamp":1679482410},{"type":"bid","price":1774.68575727,"amount":0.08189087,"tid":200186034,"timestamp":1679482404},{"type":"ask","price":1774.68575727,"amount":0.0132,"tid":200186033,"timestamp":1679482401},{"type":"ask","price":1824.86509868,"amount":0.00037787,"tid":200186032,"timestamp":1679479423},{"type":"bid","price":1829.9999,"amount":0.00834563,"tid":200186031,"timestamp":1679479417},{"type":"bid","price":1799.20405503,"amount":0.02243597,"tid":200186030,"timestamp":1679479417},{"type":"ask","price":1771.83899308,"amount":0.00011936,"tid":200186029,"timestamp":1679477651},{"type":"ask","price":1776.47705021,"amount":0.00356388,"tid":200186028,"timestamp":1679476242},{"type":"bid","price":1799.98210631,"amount":0.02875801,"tid":200186027,"timestamp":1679476073},{"type":"ask","price":1782.18825132,"amount":0.00028725,"tid":200186026,"timestamp":1679468959},{"type":"bid","price":1798.64900479,"amount":0.06486433,"tid":200186025,"timestamp":1679454907},{"type":"bid","price":1800.96008596,"amount":0.03141355,"tid":200186024,"timestamp":1679436072},{"type":"bid","price":1803.37290978,"amount":0.0288489,"tid":200186023,"timestamp":1679433822},{"type":"bid","price":1776.59592867,"amount":0.00127876,"tid":200186022,"timestamp":1679432077},{"type":"ask","price":1776.95124786,"amount":0.04259285,"tid":200186021,"timestamp":1679432076},{"type":"ask","price":1776.95124786,"amount":0.37352307,"tid":200186020,"timestamp":1679432076},{"type":"bid","price":1805.58338493,"amount":0.00010524,"tid":200186019,"timestamp":1679431177},{"type":"bid","price":1805.58338493,"amount":0.00010524,"tid":200186018,"timestamp":1679431172},{"type":"bid","price":1805.58338493,"amount":0.00010524,"tid":200186017,"timestamp":1679431168},{"type":"bid","price":1805.58338493,"amount":0.00010172,"tid":200186016,"timestamp":1679431057},{"type":"bid","price":1805.58338493,"amount":0.00010172,"tid":200186015,"timestamp":1679431051},{"type":"bid","price":1805.58338493,"amount":0.00010172,"tid":200186014,"timestamp":1679431043},{"type":"bid","price":1805.58338493,"amount":0.00010172,"tid":200186013,"timestamp":1679431037},{"type":"bid","price":1805.58338493,"amount":0.00010172,"tid":200186012,"timestamp":1679431032},{"type":"bid","price":1805.58338493,"amount":0.00010172,"tid":200186011,"timestamp":1679431025},{"type":"bid","price":1805.58338493,"amount":0.00010172,"tid":200186010,"timestamp":1679431019},{"type":"bid","price":1805.58338493,"amount":0.00010172,"tid":200186009,"timestamp":1679431015},{"type":"bid","price":1805.58338493,"amount":0.00010172,"tid":200186008,"timestamp":1679431012},{"type":"bid","price":1805.58338493,"amount":0.00010172,"tid":200186007,"timestamp":1679431008},{"type":"bid","price":1805.58338493,"amount":0.00010172,"tid":200186006,"timestamp":1679431001},{"type":"bid","price":1805.58338493,"amount":0.00010172,"tid":200186005,"timestamp":1679430994},{"type":"ask","price":1773.5424111,"amount":0.00020079,"tid":200186004,"timestamp":1679423765},{"type":"ask","price":1773.5424111,"amount":0.00020079,"tid":200186003,"timestamp":1679423759},{"type":"ask","price":1773.5424111,"amount":0.00020079,"tid":200186002,"timestamp":1679423754},{"type":"ask","price":1783.00720431,"amount":0.3777016,"tid":200186001,"timestamp":1679422952},{"type":"ask","price":1783.00720431,"amount":0.00019528,"tid":200186000,"timestamp":1679422914},{"type":"ask","price":1783.00720431,"amount":0.00019528,"tid":200185999,"timestamp":1679422909},{"type":"bid","price":1818.34218446,"amount":0.00235177,"tid":200185998,"timestamp":1679419085},{"type":"bid","price":1818.34218446,"amount":0.00219285,"tid":200185997,"timestamp":1679419063},{"type":"bid","price":1818.34218446,"amount":0.00170703,"tid":200185996,"timestamp":1679419057},{"type":"bid","price":1818.34218446,"amount":0.00260258,"tid":200185995,"timestamp":1679418871},{"type":"bid","price":1818.34218446,"amount":0.00180813,"tid":200185994,"timestamp":1679418861},{"type":"ask","price":1795.05276359,"amount":0.01611651,"tid":200185993,"timestamp":1679416981},{"type":"bid","price":1827.71287701,"amount":0.0195297,"tid":200185992,"timestamp":1679407321},{"type":"bid","price":1827.92764913,"amount":0.07717129,"tid":200185991,"timestamp":1679407316},{"type":"bid","price":1828.32773193,"amount":0.06217239,"tid":200185990,"timestamp":1679407311},{"type":"bid","price":1830,"amount":0.08290606,"tid":200185989,"timestamp":1679407302},{"type":"bid","price":1830,"amount":0.00020595,"tid":200185988,"timestamp":1679407302},{"type":"bid","price":1828.80783129,"amount":0.04695067,"tid":200185987,"timestamp":1679407302},{"type":"bid","price":1828.80783129,"amount":0.04722416,"tid":200185986,"timestamp":1679407302},{"type":"ask","price":1784.87514102,"amount":0.00839032,"tid":200185985,"timestamp":1679407301},{"type":"ask","price":1828.80783129,"amount":0.04683305,"tid":200185984,"timestamp":1679407301},{"type":"ask","price":1828.80783129,"amount":0.00011762,"tid":200185983,"timestamp":1679407301},{"type":"ask","price":1828.80783129,"amount":0.00027349,"tid":200185982,"timestamp":1679407301},{"type":"ask","price":1828.80783129,"amount":0.00019915,"tid":200185981,"timestamp":1679407301},{"type":"ask","price":1828.80783129,"amount":0.02965758,"tid":200185980,"timestamp":1679407301},{"type":"bid","price":1828,"amount":0.05000222,"tid":200185979,"timestamp":1679407285},{"type":"bid","price":1820,"amount":0.00021216,"tid":200185978,"timestamp":1679407285},{"type":"bid","price":1819.83246674,"amount":0.07519467,"tid":200185977,"timestamp":1679407237},{"type":"bid","price":1810,"amount":0.03,"tid":200185976,"timestamp":1679405410},{"type":"bid","price":1810,"amount":0.00021224,"tid":200185975,"timestamp":1679405410},{"type":"bid","price":1809.91540459,"amount":0.03877978,"tid":200185974,"timestamp":1679405410},{"type":"bid","price":1809.79315005,"amount":0.06393029,"tid":200185973,"timestamp":1679405398},{"type":"bid","price":1808,"amount":0.1,"tid":200185972,"timestamp":1679405181},{"type":"bid","price":1808,"amount":0.02196993,"tid":200185971,"timestamp":1679405181},{"type":"ask","price":1783.46837366,"amount":0.00012698,"tid":200185970,"timestamp":1679404483},{"type":"ask","price":1783.46837366,"amount":0.00012698,"tid":200185969,"timestamp":1679404478},{"type":"ask","price":1783.46837366,"amount":0.00012698,"tid":200185968,"timestamp":1679404473},{"type":"bid","price":1808,"amount":0.0085,"tid":200185967,"timestamp":1679404049},{"type":"bid","price":1808,"amount":0.01953229,"tid":200185966,"timestamp":1679404032},{"type":"bid","price":1800,"amount":0.0283485,"tid":200185965,"timestamp":1679404032},{"type":"bid","price":1800,"amount":0.042811,"tid":200185964,"timestamp":1679404021},{"type":"bid","price":1800,"amount":0.012212,"tid":200185963,"timestamp":1679404013},{"type":"bid","price":1800,"amount":0.0474638,"tid":200185962,"timestamp":1679404004},{"type":"bid","price":1800,"amount":0.07060626,"tid":200185961,"timestamp":1679403995},{"type":"bid","price":1800,"amount":0.00021232,"tid":200185960,"timestamp":1679403995},{"type":"bid","price":1795.07591916,"amount":0.00016743,"tid":200185959,"timestamp":1679403995},{"type":"bid","price":1795.07591916,"amount":0.00014404,"tid":200185958,"timestamp":1679403994},{"type":"bid","price":1792,"amount":0.00910222,"tid":200185957,"timestamp":1679403565},{"type":"bid","price":1791.9999,"amount":0.015,"tid":200185956,"timestamp":1679403554},{"type":"bid","price":1771,"amount":0.03968862,"tid":200185955,"timestamp":1679402445},{"type":"bid","price":1773,"amount":0.17058752,"tid":200185954,"timestamp":1679402405},{"type":"bid","price":1769.23183294,"amount":0.00168299,"tid":200185953,"timestamp":1679402405},{"type":"ask","price":1744.03270357,"amount":0.00656852,"tid":200185952,"timestamp":1679402375},{"type":"ask","price":1744.03270357,"amount":0.00782434,"tid":200185951,"timestamp":1679402375},{"type":"ask","price":1744.03270357,"amount":0.01644507,"tid":200185950,"timestamp":1679402375},{"type":"ask","price":1744.03270357,"amount":0.00306123,"tid":200185949,"timestamp":1679402375},{"type":"ask","price":1744.03270357,"amount":0.00163097,"tid":200185948,"timestamp":1679402375},{"type":"ask","price":1744.03270357,"amount":0.00690364,"tid":200185947,"timestamp":1679402374},{"type":"ask","price":1744.03270357,"amount":0.0067464,"tid":200185946,"timestamp":1679402374},{"type":"ask","price":1744.03270357,"amount":0.00437039,"tid":200185945,"timestamp":1679402374},{"type":"ask","price":1744.03270357,"amount":0.00564398,"tid":200185944,"timestamp":1679402374},{"type":"ask","price":1744.03270357,"amount":0.0005284,"tid":200185943,"timestamp":1679402374},{"type":"ask","price":1744.03270357,"amount":0.00019695,"tid":200185942,"timestamp":1679402374},{"type":"ask","price":1744.03270357,"amount":0.00013284,"tid":200185941,"timestamp":1679402374},{"type":"ask","price":1744.03270357,"amount":0.02842095,"tid":200185940,"timestamp":1679402373}]}